% This file was created with JabRef 2.5.
% Encoding: Cp1252

@BOOK{MBT2005,
  title = {One Evaluation of Model-Based Testing and its Automation},
  publisher = {ACM, International Conference on Software Engineering},
  year = {2005},
  author = {{A. Prenninger, S. Wagner, C. Kühnel, M. Baumgartner, B. Sostawa,
	R. Zölch und T. Stauner}},
  owner = {Sascha},
  timestamp = {2009.09.16}
}

@BOOK{FocusPaper,
  title = {Motivation and Introduction of a Comprehensive Modelling Theory for
	Embedded Systems},
  publisher = {SPES 2020 Deliverable D1.1.A-1, Technische Universität München, Deutschland},
  year = {August, 2009},
  author = {{Alexander Harhurin, Judith Harmann und Daniel Ratiu}},
  owner = {Sascha},
  timestamp = {2010.02.04}
}

@BOOK{IEEE90,
  title = {IEEE Standard Glossary of Software Engineering Terminology},
  publisher = {Technical Report IEEE Std 610.12-1990, The Institute of Electrical
	and Electronics Engineers, New York, USA},
  year = {1990},
  author = {IEEE Standards Board},
  owner = {Sascha},
  timestamp = {2009.09.15}
}

@BOOK{Broy2006,
  title = {Challenges in Automotive Software Engineering},
  publisher = {ACM, ICSE`06, Shanghai, China},
  year = {Mai 2006},
  author = {Manfred Broy},
  owner = {Sascha},
  timestamp = {2009.09.07}
}

@BOOK{Broy2005,
  title = {Automotive Software and Systems Engineering},
  publisher = {IEEE},
  year = {2005},
  author = {Manfred Broy},
  owner = {Sascha},
  timestamp = {2009.09.07}
}

@BOOK{SPES1,
  title = {On the Integration of Design and Test - A Model-Based Approach for
	Embedded Systems},
  publisher = {ACM},
  year = {Shanghai, China, Mai, 2006},
  author = {{Christian Pfaller, Andreas Fleischmann, Judith Hartmann, Martin
	Rappl, Sabine Rittman und Doris Wild}},
  owner = {Sascha},
  timestamp = {2009.12.10}
}

@BOOK{Spes1a,
  title = {A System of Abstraction Layers for the Seamless Development of Embedded
	Software Systems},
  year = {München, Deutschland, Oktober, 2009},
  author = {{Daniel Ratiu, Judith Thyssen und Wolfgang Schwitzer}},
  owner = {Sascha},
  timestamp = {2009.12.15}
}

@BOOK{McDowell1989,
  title = {Debugging Concurrent Programs},
  publisher = {ACM Computing Surveys, Volume 21, Nummer 4},
  year = {Dezember, 1989},
  author = {Charles E. McDowell und David P. Helmbold},
  owner = {Sascha},
  timestamp = {2009.08.18}
}

@BOOK{MDA03,
  title = {Model Driven Architecture},
  publisher = {Wiley Publishing, Inc., Indianapolis, Indiana, USA},
  year = {2003},
  author = {David S. Frankel},
  owner = {Sascha},
  timestamp = {2010.02.01}
}

@BOOK{Huber97,
  title = {Consistent Graphical Specification of Distributed Systems},
  publisher = {In Proc. Formal Methods Europe, Seite 122 -144},
  year = {1997},
  author = {{Franz Huber, Bernhard Schätz und Geralf Einert}},
  owner = {Sascha},
  timestamp = {2009.09.29}
}

@BOOK{Gargantini2005,
  title = {Conformance Testing},
  publisher = {Model-Based Testing of Reactive Systems, LNCS 3472, Seite 87-111,
	Springer-Verlag, Heidelberg, Deutschland},
  year = {2005},
  editor = {{Manfred Broy, Bengt Johnson, Joost-Pieter Katoen, Martin Leucker
	und Alexander Pretschner}},
  author = {Angelo Gargantini},
  owner = {Sascha},
  timestamp = {2009.09.29}
}

@BOOK{Glass80,
  title = {The Lost World of Software Debugging and Testing},
  publisher = {Communication of the ACM, Mai},
  year = {1980},
  author = {Robert L. Glass},
  owner = {Sascha},
  timestamp = {2009.09.25}
}

@BOOK{Trace32A,
  title = {Trace 32 Manual: General Commands Reference Guide A, Seite 8},
  year = {München, Deutschland, Augugst 2008},
  author = {Lauterbach Datentechnik GmbH},
  owner = {Sascha},
  timestamp = {2010.03.02}
}

@BOOK{Trace32B,
  title = {Trace 32 Manual: General Commands Reference Guide B, Seite 37},
  year = {München, Deutschland, Augugst 2008},
  author = {Lauterbach Datentechnik GmbH},
  owner = {Sascha},
  timestamp = {2010.03.02}
}

@BOOK{Gomaa86,
  title = {Software Development of Real-Time Systems},
  publisher = {Communication of the ACM, Juli},
  year = {1986},
  author = {Hassan Gomaa},
  owner = {Sascha},
  timestamp = {2009.09.28}
}

@BOOK{Berg2005,
  title = {Model Checking},
  publisher = {Model-Based Testing of Reactive Systems, LNCS 3472, Seite 557 - 603,
	Springer-Verlag, Heidelberg, Deutschland},
  year = {2005},
  editor = {{Manfred Broy, Bengt Johnson, Joost-Pieter Katoen, Martin Leucker
	und Alexander Pretschner}},
  author = {Therese Berg und Harald Raffelt},
  owner = {Sascha},
  timestamp = {2009.09.29}
}

@BOOK{Pretschner2005,
  title = {Methodological Issues in Model-Based Testing},
  publisher = {Model-Based Testing of Reactive Systems, LNCS 3472, Seite 281 - 291,
	Springer-Verlag, Heidelberg, Deutschland},
  year = {2005},
  editor = {{Manfred Broy, Bengt Johnson, Joost-Pieter Katoen, Martin Leucker
	und Alexander Pretschner}},
  author = {Alexander Pretschner und Jan Phillips},
  owner = {Sascha},
  timestamp = {2009.09.29}
}

@BOOK{Joyce1987,
  title = {Monitoring Distributed Systems},
  publisher = {ACM Transaction on Computer Systems, Volume 5, Nummer 2, Seiten 121
	- 150},
  year = {Mai, 1987},
  author = {{Jeffrey Joyce, Greg Lomov, Konrad Slind und Brian Unger}},
  owner = {Sascha},
  timestamp = {2009.08.24}
}

@BOOK{Jeremiassen00,
  title = {Seipnir - An Instruction-Level Simulator Generator},
  publisher = {IEEE International Conference on Computer Design, Austin, Texas,
	USA},
  year = {2000},
  author = {Tor E. Jeremiassen},
  owner = {Sascha},
  timestamp = {2009.09.29}
}

@BOOK{Araki91,
  title = {A General Framework for Debugging},
  publisher = {IEEE},
  year = {Mai, 1991},
  author = {{Keijiro Araki, Zenogo Furukawa und Jingde Cheng}},
  owner = {Sascha},
  timestamp = {2009.09.16}
}

@BOOK{Broy2001,
  title = {Specification and Development of Interactive Systems},
  publisher = {Springer-Verlag, New York, USA},
  year = {2001},
  author = {Manfred Broy und Ketil St{\o}len},
  owner = {Sascha},
  timestamp = {2009.08.19}
}

@BOOK{Lamport78,
  title = {Time, Clocks, and the Ordering of Events in a Distributed System},
  publisher = {Communication of the ACM, Juli},
  year = {1978},
  editor = {R. Stockton Gaines},
  author = {Leslie Lamport},
  owner = {Sascha},
  timestamp = {2009.10.09}
}

@BOOK{EMFMOF,
  title = {MOF-EMF Alignment},
  publisher = {Third International Conference on Autonomic and Autonomous Systems
	(ICAS'07), Athen, Griechenland},
  year = {2007},
  author = {{Maddeh Mohamed, Mohamed Romdhani und Khaled Ghedira}},
  owner = {Sascha},
  timestamp = {2010.02.02}
}

@BOOK{Stahl2006,
  title = {Model-Driven Software Development},
  publisher = {dpunkt.verlag GmbH, Heidelberg, Deutschalnd},
  year = {2006},
  author = {Thomas Stahl und Markus Völter},
  owner = {Sascha},
  timestamp = {2009.08.20}
}

@BOOK{Feilkas2009,
  title = {Motivation and Introduction of a System of Abstraction Layers for
	Embedded Systems},
  year = {September, 2009},
  author = {{Martin Feilkas, Alexander Harhurin, Judith Hartmann, Daniel Ratiu
	und Wolfgang Schwitzer}},
  owner = {Sascha},
  timestamp = {2010.01.26}
}

@BOOK{Debugging01,
  title = {The Science of Debugging},
  publisher = {The Coriolis Group, LLC, Arizona, USA},
  year = {2001},
  author = {{Matt Telles und Yuan Hsieh}},
  owner = {Sascha},
  timestamp = {2010.01.18}
}

@BOOK{Soja2005,
  title = {MPC55554 Revealed},
  publisher = {AMT Publishing, Michigan, USA},
  year = {2005},
  author = {Richard Soja und Munir Bannoura},
  owner = {Sascha},
  timestamp = {2009.09.04}
}

@BOOK{Pressman92,
  title = {Software Engineering: A Practitionier's Approach},
  publisher = {McGraw-Hill, Inc., Singapore},
  year = {1992},
  author = {Roger S. Pressman},
  owner = {Sascha},
  timestamp = {2009.09.16}
}

@BOOK{Schlager2008,
  title = {Hardware-in-the-Loop Simulation},
  publisher = {VDM Verlag Dr. Müller AG \& Co. KG, Saarbrücken, Deutschland},
  year = {2008},
  author = {Martin Schlager},
  owner = {Sascha},
  timestamp = {2009.08.19}
}

@BOOK{Schuetz93,
  title = {The Testability of Distributed Real-Time Systems},
  publisher = {Kluwer Academic Publischers, Massachusetts, USA},
  year = {1993},
  author = {Werner Schütz},
  owner = {Sascha},
  timestamp = {2009.09.24}
}

@BOOK{Sundmark2002,
  title = {Replay Debugging of Embedded Real-Time Systems: A State of the Art
	Report},
  year = {Oktober, 2002},
  author = {Daniel Sundmark},
  owner = {Sascha},
  timestamp = {2009.10.07}
}

@BOOK{ISO9001,
  title = {ISO 9001 Software-Entwicklung in der Praxis},
  publisher = {Verlag Heinz Heise GmbH \& Co KG, Hannover, Deutschland},
  year = {2000},
  author = {Erwin Thaller},
  owner = {Sascha},
  timestamp = {2009.09.15}
}

@BOOK{Spillner2007,
  title = {Basiswissen Softwaretest},
  publisher = {dpunkt.verlag GmbH, Heidelberg, Deutschland},
  year = {2007},
  author = {Andreas Spillner und Tilo Linz},
  owner = {Sascha},
  timestamp = {2009.08.21}
}

@BOOK{Williams2006,
  title = {Real-Time Systems Development},
  publisher = {Butterworth-Heinemann, Oxford, England},
  year = {2006},
  author = {Rob Williams},
  owner = {Sascha},
  timestamp = {2010.01.08}
}

@BOOK{AF1,
  title = {{http://autofocus.in.tum.de/}},
  publisher = {Besucht am 1. Februar 2010},
  owner = {Sascha},
  timestamp = {2010.02.01}
}

@BOOK{AF3,
  title = {{http://af3.in.tum.de/}},
  publisher = {Besucht am 11. Dezember 2009},
  owner = {Sascha},
  timestamp = {2009.12.11}
}

@BOOK{EMF,
  title = {{http://www.eclipse.org/modeling/emf/}},
  publisher = {Besucht am 1. Februar 2010},
  owner = {Sascha},
  timestamp = {2010.02.01}
}

@BOOK{Fortiss,
  title = {{http://www.fortiss.org/de/startseite.html}},
  publisher = {Besucht am 11. Dezember 2009},
  owner = {Sascha},
  timestamp = {2009.12.12}
}

@BOOK{FPrize,
  title = {{http://www4.in.tum.de/proj/quest/FM99/Award.gif}},
  publisher = {Besucht am 1. Februar 2010},
  owner = {Sascha},
  timestamp = {2010.02.01}
}

@BOOK{OMG01,
  title = {{http://www.omg.org/}},
  publisher = {Besucht am 26.01.2010},
  owner = {Sascha},
  timestamp = {2010.01.26}
}

@BOOK{MOF06,
  title = {Meta Object Facility (MOF) Core Specification},
  publisher = {Object Management Group},
  year = {Januar, 2006},
  owner = {Sascha},
  timestamp = {2010.01.26}
}

@BOOK{JTag,
  title = {IEEE Standard 1149: Test Access Port and Boundary-Scan Architecture},
  publisher = {IEEE},
  year = {2001},
  owner = {Sascha},
  timestamp = {2010.02.25}
}

@comment{jabref-meta: selector_publisher:}

@comment{jabref-meta: selector_author:Brian Unger;Greg Lomov;Jeffrey J
oyce;Konrad Slind;Konrad Slind;}

@comment{jabref-meta: selector_journal:}

@comment{jabref-meta: selector_keywords:}

